<?xml version="1.0" encoding="UTF-8"?><collection xmlns="http://www.loc.gov/MARC21/slim"><record><leader>00554nam--2200193-i-4500</leader><controlfield tag="001">000041281</controlfield><controlfield tag="002">20161230</controlfield><controlfield tag="005">20161230201043</controlfield><controlfield tag="008">060222s1000------------r-----000-0-rum-d</controlfield><datafield ind1=" " ind2=" " tag="040"><subfield code="a">IFIN-HH</subfield></datafield><datafield ind1=" " ind2=" " tag="041"><subfield code="a">rum</subfield></datafield><datafield ind1=" " ind2=" " tag="080"><subfield code="a">539.2(022)+59</subfield></datafield><datafield ind1="1" ind2=" " tag="100"><subfield code="a">Sergiescu,Viorel</subfield></datafield><datafield ind1="1" ind2="0" tag="245"><subfield code="a">Introducere in fizica solidului</subfield><subfield code="c">Viorel sergiescu</subfield></datafield><datafield ind1=" " ind2=" " tag="260"><subfield code="a">Bucuresti</subfield><subfield code="b">Editura Tehnica</subfield><subfield code="c">1956</subfield></datafield><datafield ind1=" " ind2=" " tag="300"><subfield code="a">276 P.+ ERATA</subfield></datafield><datafield ind1=" " ind2=" " tag="490"><subfield code="a">Biblioteca Societatii De Stiinte Matematice Si Fizice Din Rpr</subfield><subfield code="v">Vol. 23</subfield></datafield><datafield ind1=" " ind2=" " tag="852"><subfield code="a">4224</subfield><subfield code="c">539.2</subfield></datafield><datafield ind1=" " ind2=" " tag="CAT"><subfield code="a">Sys</subfield><subfield code="c">20120718</subfield><subfield code="h">131111</subfield></datafield></record></collection>